<?xml version="1.0" encoding="UTF-8"?><record xmlns="http://www.loc.gov/MARC21/slim" xmlns:cinclude="http://apache.org/cocoon/include/1.0" xmlns:zs="http://www.loc.gov/zing/srw/">
  <leader>00879cz  a2200157n  4500</leader>
  <controlfield tag="001">n  88148249 </controlfield>
  <controlfield tag="003">DLC</controlfield>
  <controlfield tag="005">19891011140054.4</controlfield>
  <controlfield tag="008">880615n| acannaab|          |a ana |||  </controlfield>
  <datafield tag="010" ind1=" " ind2=" ">
    <subfield code="a">n  88148249 </subfield>
  </datafield>
  <datafield tag="040" ind1=" " ind2=" ">
    <subfield code="a">DLC</subfield>
    <subfield code="c">DLC</subfield>
    <subfield code="d">DLC</subfield>
  </datafield>
  <datafield tag="110" ind1="2" ind2="0">
    <subfield code="a">Banaras Hindu University.</subfield>
    <subfield code="b">Malaviya Adhyayan Sansthan</subfield>
  </datafield>
  <datafield tag="410" ind1="2" ind2="0">
    <subfield code="a">Banaras Hindu University.</subfield>
    <subfield code="b">Mālavīya Adhyayana Saṃsthāna</subfield>
  </datafield>
  <datafield tag="670" ind1=" " ind2=" ">
    <subfield code="a">Mahamana granthamala ; no. 2. Parmamand. Mahāmanā Madan Mohan Malaviya, 1985- :</subfield>
    <subfield code="b">v. 1, t.p. (Malaviya Adhyayan Samsthan, Banaras Hindu University)</subfield>
  </datafield>
  <datafield tag="670" ind1=" " ind2=" ">
    <subfield code="a">Mahamana granthamala ; no. 2. Parmanand. Mahāmanā Madan Mohan Malaviya, 1985- : v. 1, t.p. (Malaviya Adhyayan Sansthan, Banaras Hindu University)</subfield>
  </datafield>
  <datafield tag="670" ind1=" " ind2=" ">
    <subfield code="a">Lāla, Mukuṭa Bihārī. Mahāmanā Madan Mohan Mālavīya, 1978:</subfield>
    <subfield code="b">t.p. (Mālavīya Adhyayana Saṃsthāna, Kaśi Hindū Viśvavidyālaya, Vārāṇasī)</subfield>
  </datafield>
</record>